3430 5216
1430 354 1477 418 51

132 562 258 646 posito,
288 578 392 624 rerum
422 563 564 624 omnium
594 559 807 644 moderatore,
835 563 1038 646 ingeniorum
1068 561 1282 644 exploratore,
1320 561 1479 630 dictorum

133 670 362 748 factorumque
405 667 545 732 omnium
587 677 654 732 tum
693 651 809 752 ¹iudice,
839 677 905 732 tum
935 671 1032 733 etiam
1058 677 1151 751 teste,
1182 667 1297 733 Cicero
1328 671 1480 754 (tortasse

133 774 229 860 quod
271 783 302 837 et
343 775 412 858 ipse
454 793 557 860 augur
598 775 658 840 fuit
700 783 730 840 et
768 777 801 839 in
831 776 997 858 republica
1025 773 1188 859 princeps)
1219 777 1334 840 merito
1364 778 1480 844 librum

132 880 317 948 seeundum
346 902 365 944 a
393 881 560 963 religionis
601 883 830 950 coust'tutione
873 889 904 946 et
949 885 989 948 ab
1019 884 1130 946 ultima
1160 883 1242 965 lege,
1273 903 1359 964 quae
1390 906 1480 952 mens

133 991 191 1054 (161
223 997 271 1053 est
298 988 424 1053 ratione
453 993 599 1072 cogentis
627 997 658 1054 et
685 991 835 1073 vetantis,
865 997 897 1053 et
925 991 966 1054 ab
995 989 1146 1071 humana,
1190 1008 1274 1070 quae
1317 993 1399 1054 ratio
1431 1000 1480 1058 est

133 1096 307 1182 sapientie,
336 1097 401 1179 legi
431 1095 559 1161 divinae
588 1098 793 1162 consentiens
820 1098 943 1181 incipit.
986 1096 1092 1184 Nam,
1118 1117 1189 1186 cum
1232 1097 1265 1159 in
1300 1098 1390 1164 libris
1438 1099 1480 1165 (16

134 1205 317 1292 republica,
346 1206 400 1286 qui
429 1203 469 1267 sit
498 1205 636 1288 optimus
664 1206 710 1268 rei
738 1204 889 1288 publicae
917 1212 1027 1287 status,
1068 1203 1230 1269 docuisset
1268 1223 1306 1268 ao
1336 1193 1480 1288 xpersua-

134 1316 235 1377 sisset
264 1310 405 1376 omnium
435 1330 538 1376 rerum
567 1311 769 1395 publicarum
797 1319 939 1377 veterem
968 1311 1149 1376 Romanam
1185 1311 1479 1405 fuisscnoptimam,

133 1423 232 1506 leges,
268 1437 396 1504 quoque
439 1419 580 1505 optimae
610 1420 655 1488 rei
695 1419 844 1502 publicae
878 1427 1113 1487 consentaneas
1142 1401 1220 1482 dare
1248 1438 1381 1484 neeesse
1410 1429 1480 1486 erat

137 1509 220 1609 (bic.
251 1524 292 1589 de
320 1526 383 1606 leg.
413 1525 445 1587 Il
472 1526 490 1610 ξ
521 1526 598 1612 23),
628 1527 736 1607 itaque
765 1527 855 1610 leges
883 1525 1042 1590 eiusmodi
1071 1525 1207 1609 rogavit,
1238 1541 1320 1606 quae
1354 1527 1477 1592 Roma—

137 1653 256 1700 norum
284 1632 469 1697 referebant
497 1640 528 1696 et
557 1634 583 1696 si
612 1652 693 1716 quos
722 1633 804 1698 forte
832 1635 996 1716 rogaverit
1039 1652 1122 1714 quae
1162 1651 1224 1697 non
1262 1641 1354 1697 erant
1382 1634 1414 1697 in
1444 1653 1479 1700 re

139 1741 271 1826 publica
312 1739 460 1802 Romana
502 1759 561 1803 neo
599 1738 736 1823 fuerant,
775 1747 881 1804 tamen
911 1748 1002 1804 erant
1032 1741 1099 1804 fere
1129 1737 1160 1804 iu
1191 1741 1283 1810 more
1309 1741 1478 1826 maiorum,

139 1839 354 1931 <postumia
383 1839 434 1910 lex
464 1845 600 1911 valebat.
631 1845 671 1910 Et
699 1849 875 1912 rectissime
905 1845 1018 1936 Cicero
1047 1847 1478 1936 Platqptmssetlltbtdeges

139 1956 278 2034 civibus.
293 1955 471 2038 proposuit,
500 1961 534 2017 ut
563 1955 648 2017 enim
676 1952 852 2038 prudentes
879 1935 1056 2019 liberorum
1078 1954 1130 2018 vel
1150 1953 1378 2037 discipulorum
1401 1953 1479 2020 edu-

135 2071 265 2126 catores
295 2063 410 2125 mentis
439 2081 477 2126 ac
505 2062 639 2125 rationis
667 2061 728 2126 sibi
758 2064 904 2127 conscios
931 2062 1031 2126 multo
1060 2059 1166 2124 minus
1185 2079 1363 2144 poenarum
1383 2063 1479 2127 minis

137 2191 237 2252 quam
284 2170 493 2250 persuasione
540 2175 571 2231 et
618 2166 843 2233 adhortatione
885 2167 927 2232 ad
957 2157 1148 2249 obsequium
1176 2174 1208 2232 et
1236 2167 1477 2234 oboedientiam

132 2295 342 2352 commovere
381 2274 520 2357 student,
549 2275 594 2338 ita
622 2275 785 2358 sapientes
813 2276 920 2356 legum
949 2276 1067 2340 latores
1096 2275 1183 2340 cives
1211 2294 1296 2359 suos,
1341 2296 1476 2357 quorum

137 2393 173 2448 ut
216 2383 389 2448 liberorum
431 2388 540 2447 buram
577 2389 693 2464 gerunt
726 2382 953 2466 persuadendo
996 2390 1027 2447 et
1069 2381 1273 2447 adhortando
1316 2381 1359 2446 ad
1388 2383 1478 2467 leges

137 2489 361 2555 observandas
390 2490 523 2554 incitare
557 2489 671 2553 solent.

246 2597 360 2678 Itaque
390 2595 502 2660 Cicero
531 2594 618 2659 haud
648 2595 798 2660 dubitans
827 2598 904 2676 quin
931 2599 1051 2681 pietate
1080 2597 1111 2658 in
1143 2595 1221 2659 (1666
1249 2596 1477 2677 661161611166

135 2705 237 2768 etiarn
269 2710 299 2767 et
327 2705 465 2768 societas
490 2705 621 2784 generis
648 2703 779 2766 humani
810 2711 841 2766 et
868 2705 989 2767 iustitia
1027 2704 1202 2786 tolleretur,
1246 2703 1369 2782 civibus
1408 2706 1479 2767 suis

136 2831 328 2896 persuasum
358 2829 428 2874 6666
456 2811 557 2874 voluit
576 2810 679 2872 Deum
702 2829 771 2874 6666
790 2830 895 2874 rerum
917 2812 1057 2875 omnium
1078 2809 1325 2893 moderatorem,
1346 2812 1472 2893 piorum

133 2920 375 3002 impiorumque
405 2919 561 2981 rationem
592 2917 720 3000 babere,
750 2919 801 2982 cui
829 2919 1007 2981 sententiae
1036 2899 1284 2983 consentaneam
1307 2918 1412 3000 legem
1432 2917 1473 2983 de

136 3027 297 3108 religione
326 3025 469 3090 scribens
498 3033 605 3106 partes
633 3027 752 3108 primas
780 3025 879 3090 cultui
908 3023 997 3088 dedit
1027 3024 1146 3088 divino.
1186 3023 1270 3086 Tota
1314 3026 1382 3088 eius
1411 3023 1475 3088 dis-

136 3133 263 3218 putatio
304 3131 380 3196 inde
409 3151 428 3194 a
457 3133 475 3214 ξ
508 3133 552 3196 15
583 3151 685 3225 usquc
714 3131 756 3194 ad
784 3133 801 3213 ξ
834 3132 879 3195 18
919 3133 1055 3215 proemii
1097 3132 1170 3197 loco
1212 3130 1375 3196 censenda
1414 3139 1472 3216 est,

136 3261 202 3322 quo
247 3239 434 3322 opinionem
477 3237 517 3301 de
559 3237 697 3302 dominis
739 3241 879 3302 uranium
914 3258 1018 3302 rerum
1052 3259 1089 3301 ae
1118 3237 1374 3303 moderatoribus
1404 3233 1498 3303 deis¹

135 3367 248 3412 veram
280 3365 350 3410 esse
388 3354 418 3410 et
454 3347 564 3409 utilem
598 3345 832 3410 demonstretur
863 3365 951 3410 more
989 3346 1144 3408 maiorum
1175 3347 1228 3426 qui
1264 3347 1298 3428 in
1328 3345 1469 3410 ferendis

137 3453 359 3536 rogandisque
387 3453 512 3536 legibus
540 3454 676 3536 primurn
706 3451 746 3517 (16
774 3453 855 3536 legis
873 3451 970 3516 laude
994 3473 1033 3518 ac
1051 3455 1241 3517 necessitate
1261 3451 1472 3536 disserebant,

133 3561 215 3625 dein
243 3560 276 3623 in
306 3562 456 3625 contione
484 3581 503 3622 a
531 3579 692 3642 praecone
720 3559 919 3624 recitandam
948 3560 1113 3625 curabant.
1143 3559 1223 3622 Turn
1244 3561 1315 3642 ipsa
1329 3561 1379 3622 lex
1399 3580 1474 3643 pro-

134 3668 270 3752 ponitur
307 3664 356 3751 (§§
401 3667 579 3749 18-23),
622 3669 711 3731 curius
748 3668 876 3748 singula
915 3667 1023 3750 capita
1062 3669 1095 3730 in
1125 3667 1250 3748 reliqua
1279 3666 1348 3731 libri
1379 3675 1471 3750 parte

135 3775 351 3858 explicantur,
380 3775 425 3837 ita
462 3784 569 3837 tamen
605 3782 639 3837 ut
668 3775 732 3837 alia
759 3774 874 3837 leviter
901 3783 1084 3856 tangantur,
1114 3775 1178 3837 alia
1215 3772 1345 3836 uberius
1374 3793 1473 3855 expo-

132 3890 256 3946 nantur
285 3879 315 3965 (ξ
345 3882 393 3944 24
425 3900 523 3961 usque
553 3880 595 3943 ad
623 3880 718 3968 finem
747 3881 842 3965 libri).
871 3881 948 3964 Agit
975 3882 1073 3962 igitur
1093 3878 1141 3949 de
1162 3880 1230 3944 deis
1250 3882 1363 3963 patriis
1383 3889 1471 3945 caste

137 3987 298 4052 adeundis
337 3989 387 4071 (ἐξ
430 3988 606 4073 24-26),
645 3987 685 4050 (16
728 3987 870 4052 delubris
898 3991 930 4052 in
959 3989 1101 4071 urbibus,
1130 3989 1210 4052 lucis
1238 3989 1272 4051 in
1300 3989 1386 4068 agris
1416 3987 1472 4050 lra-

1 4073 3 4084 ’
79 4173 80 4178 ¹
135 4095 254 4160 bendis
283 4093 314 4180 (ξ
347 4089 421 4182 ab),
451 4094 492 4160 de
522 4096 623 4158 larum
653 4095 809 4180 religione
838 4094 998 4159 servanda
1027 4097 1152 4176 rituque
1186 4102 1313 4177 patrum
1350 4094 1472 4160 tuendo

138 4199 177 4288 (ξ
210 4201 283 4286 27),
314 4201 354 4266 de
382 4201 456 4286 illis,
486 4205 542 4285 qui
569 4204 603 4266 in
631 4222 765 4266 numero
795 4201 927 4266 deorum
958 4199 1097 4266 habendi
1127 4203 1189 4265 sint
1228 4200 1258 4286 (ξ
1290 4201 1474 4287 27—28),

136 4309 180 4374 de
218 4309 307 4373 feriis
345 4308 498 4390 festisque
537 4307 651 4373 diebus
694 4312 752 4373 rite
781 4307 983 4374 celebrandis
1013 4308 1043 4391 lg
1073 4311 1151 4391 29),
1181 4306 1221 4371 de
1250 4308 1473 4374 sacerdotibus

134 4414 407 4508 sacerdotumque
438 4416 621 4480 muneribus
649 4424 681 4478 et
709 4415 833 4500 officiis,
868 4416 1024 4498 imprimis
1043 4414 1083 4480 de
1104 4415 1280 4495 auguribus
1301 4413 1349 4501 (ἐξ
1371 4416 1472 4480 30-

139 4525 190 4589 33
242 4561 290 4568 -
339 4542 494 4602 augurum
542 4521 718 4607 praedictis
765 4523 864 4587 multa
908 4523 1142 4590 incredibiliter
1159 4549 1161 4556 ,
1178 4542 1255 4586 vera
1295 4521 1474 4610 cecidisse)

135 4630 342 4713 Quamquam
371 4631 418 4693 illi
446 4650 511 4694 non
540 4631 720 4714 assentitur,
751 4632 805 4712 qui
834 4629 917 4695 bane
946 4629 1114 4696 scientiam
1143 4638 1241 4713 negat
1269 4649 1409 4710 unquam
1440 4630 1476 4695 in

1386 4765 1421 4815 4*
